<?xml version="1.0" encoding="UTF-8"?><collection xmlns="http://www.loc.gov/MARC21/slim"><record><leader>00442nam--2200133-i-4500</leader><controlfield tag="001">000026820</controlfield><controlfield tag="002">20161230</controlfield><controlfield tag="005">20161230201036</controlfield><controlfield tag="008">060222s1000------------r-----000-0-eng-d</controlfield><datafield ind1=" " ind2=" " tag="080"><subfield code="a">1(043)</subfield></datafield><datafield ind1=" " ind2=" " tag="100"><subfield code="a">Kieweg, M.A. Werner</subfield></datafield><datafield ind1=" " ind2=" " tag="245"><subfield code="a">Lernprozessorientierte kriterien zur evaluierung von lehrwerken fur den englischunterricht in der sekundarstufe i. dissertation</subfield></datafield><datafield ind1=" " ind2=" " tag="260"><subfield code="a">Munchen, Ludwig-maximilians-universitat, 1985. 383p</subfield></datafield><datafield ind1=" " ind2=" " tag="852"><subfield code="a">73476</subfield></datafield></record></collection>